@ARTICLE{Liu:2011, 
author={Bangyin Liu and Shanxu Duan and Tao Cai}, 
journal={Power Electronics, IEEE Transactions on}, 
title={Photovoltaic DC-Building-Module-Based BIPV System - Concept and Design Considerations}, 
year={2011}, 
volume={26}, 
number={5}, 
pages={1418-1429}, 
keywords={DC-DC power convertors;building integrated photovoltaics;energy conservation;invertors;power system reliability;BIPV system;building integrated PV system;centralized inverter;dc building module;dc-dc converter;energy conversion;energy efficiency;photovoltaic module;reliability;Buildings;Control systems;Converters;Inverters;Monitoring;Photovoltaic systems;Building integrated photovoltaic (BIPV);PV dc-building module;centralized inverter;module-integrated converter}, 
doi={10.1109/TPEL.2010.2085087}, 
ISSN={0885-8993}, 
month={May}}

@ARTICLE{Kasper:2014, 
	author={Kasper, M. and Bortis, D. and Kolar, J.W.}, 
	journal={Power Electronics, IEEE Transactions on}, 
	title={Classification and Comparative Evaluation of PV Panel - Integrated DC-DC Converter Concepts}, 
	year={2014}, 
	volume={29}, 
	number={5}, 
	pages={2511-2526}, 
	keywords={DC-DC power convertors;III-V semiconductors;Pareto optimisation;elemental semiconductors;gallium compounds;photovoltaic power systems;power MOSFET;silicon;wide band gap semiconductors;DC-DC converter concept;GaN;PV panel;Pareto optimization;Si;buck boost converter;frequency 100 kHz;frequency 400 kHz;gallium nitride FET;panel integrated diode;partial shading;photovoltaic panel;power 275 W;silicon MOSFET;voltage 10 V to 100 V;voltage 15 V to 45 V;Gallium nitride;Inverters;Microwave integrated circuits;Power generation;Silicon;Temperature dependence;Topology;GaN transistors;pareto optimization;photovoltaic (PV) panel-integrated dcâ€“dc converter;prototype comparison}, 
  doi={10.1109/TPEL.2013.2273399}, 
  ISSN={0885-8993}, 
  month={May}}

@misc{eia_transportation_energy,
  title = {Use of Energy for Transportation - Explained},
  author = {{U.S. Energy Information Administration}},
  organization = {U.S. Energy Information Administration},
  year = {2024},
  url = {https://www.eia.gov/energyexplained/use-of-energy/transportation.php},
  note = {Accessed on May 2, 2025}
}

@misc{eurostat_transport_energy,
  title = {Final energy consumption in transport - detailed statistics},
  author = {{Eurostat}},
  organization = {European Commission},
  year = {2024},
  url = {https://ec.europa.eu/eurostat/statistics-explained/index.php?title=Final_energy_consumption_in_transport_-_detailed_statistics},
  note = {Accessed on May 2, 2025}
}